@article{nessa2012,
  title={The impact of microcredit program on women empowerment: Evidence from Bangladesh},
  author={Nessa, Tasqurun and Ali, Jamal and Abdul-Hakim, Roslan},
  journal={OIDA International Journal of Sustainable Development},
  volume={3},
  number={9},
  pages={11--20},
  year={2012}
}